<?xml version="1.0" encoding="UTF-8"?><collection xmlns="http://www.loc.gov/MARC21/slim"><record><leader>00404nam--2200133-i-4500</leader><controlfield tag="001">000003774</controlfield><controlfield tag="002">20161230</controlfield><controlfield tag="005">20161230201025</controlfield><controlfield tag="008">060222s1000------------r-----000-0-eng-d</controlfield><datafield ind1=" " ind2=" " tag="080"><subfield code="a">621.396.645.35</subfield></datafield><datafield ind1=" " ind2=" " tag="100"><subfield code="a">Baida, L.I. Si Semenkovici, A.A</subfield></datafield><datafield ind1=" " ind2=" " tag="245"><subfield code="a">Amplificatoare electronice de curent continuu. traducere din limba rusa</subfield></datafield><datafield ind1=" " ind2=" " tag="260"><subfield code="a">Bucuresti, Editura Energetica De Stat, 1955. 154p</subfield></datafield><datafield ind1=" " ind2=" " tag="852"><subfield code="a">26062</subfield></datafield></record></collection>